@misc{emulator,
  doi = {10.48550/ARXIV.2206.04594},
  
  url = {https://arxiv.org/abs/2206.04594},
  
  author = {Jamieson, Drew and Li, Yin and de Oliveira, Renan Alves and Villaescusa-Navarro, Francisco and Ho, Shirley and Spergel, David N.},
  
  keywords = {Cosmology and Nongalactic Astrophysics (astro-ph.CO), Machine Learning (cs.LG), FOS: Physical sciences, FOS: Physical sciences, FOS: Computer and information sciences, FOS: Computer and information sciences},
  
  title = {Field Level Neural Network Emulator for Cosmological N-body Simulations},
  
  publisher = {arXiv},
  
  year = {2022},
  
  copyright = {Creative Commons Attribution 4.0 International}
}

@article{quijote,
	doi = {10.3847/1538-4365/ab9d82},
  
	url = {https://doi.org/10.3847%2F1538-4365%2Fab9d82},
  
	year = 2020,
	month = {aug},
  
	publisher = {American Astronomical Society},
  
	volume = {250},
  
	number = {1},
  
	pages = {2},
  
	author = {Francisco Villaescusa-Navarro and ChangHoon Hahn and Elena Massara and Arka Banerjee and Ana Maria Delgado and Doogesh Kodi Ramanah and Tom Charnock and Elena Giusarma and Yin Li and Erwan Allys and Antoine Brochard and Cora Uhlemann and Chi-Ting Chiang and Siyu He and Alice Pisani and Andrej Obuljen and Yu Feng and Emanuele Castorina and Gabriella Contardo and Christina D. Kreisch and Andrina Nicola and Justin Alsing and Roman Scoccimarro and Licia Verde and Matteo Viel and Shirley Ho and Stephane Mallat and Benjamin Wandelt and David N. Spergel},
  
	title = {The Quijote Simulations},
  
	journal = {The Astrophysical Journal Supplement Series}
}

@article{gadget-3,
	doi = {10.1111/j.1365-2966.2005.09655.x},
  
	url = {https://doi.org/10.1111%2Fj.1365-2966.2005.09655.x},
  
	year = 2005,
	month = {dec},
  
	publisher = {Oxford University Press ({OUP})},
  
	volume = {364},
  
	number = {4},
  
	pages = {1105--1134},
  
	author = {Volker Springel},
  
	title = {The cosmological simulation code gadget-2},
  
	journal = {Monthly Notices of the Royal Astronomical Society}
}

@misc{cola,
  doi = {10.48550/ARXIV.1506.03737},
  
  url = {https://arxiv.org/abs/1506.03737},
  
  author = {Howlett, Cullan and Manera, Marc and Percival, Will J.},
  
  keywords = {Cosmology and Nongalactic Astrophysics (astro-ph.CO), FOS: Physical sciences, FOS: Physical sciences},
  
  title = {L-PICOLA: A parallel code for fast dark matter simulation},
  
  publisher = {arXiv},
  
  year = {2015},
  
  copyright = {arXiv.org perpetual, non-exclusive license}
}
